ISA*00*          *00*          *ZZ* ISA SENDER ID *ZZ*ISA RECEIVER ID*010101*0101*:*00501*000000001*0*T*!~
GS*HP*GS APP SENDER*APP RECEIVER*01010101*01010101*1*X*005010X221A1~
ST*835*0001~
BPR*C*1234567.12*C*ACH*CCP*01*A1B2C3D4E5*DA*ACCNT NUM FROM Transaction Set*A1B2C3D4E5*A1B2C3D4E*01*A1B2C3D4E5*DA*A1B2C3D4E5*01010101~
TRN*1*A1B2C3D4E5*A1B2C3D4E5*A1B2C3D4E5~
CUR*PR*IDI~
REF*EV*A1B2C3D4E5~
REF*F2*A1B2C3D4E5~
DTM*405*01010101~
N1*PR*ABC COMPANY*XV*A1B2C3D4E5~
N3*1 OPEN AVENUE*1 OPEN AVENUE~
N4*PARIS*CA*91506*IDI~
REF*2U*A1B2C3D4E5~
PER*CX*A1B2C3D4E5*EM*A1B2C3D4E5*EM*A1B2C3D4E5*EX*A1B2C3D4E5~
PER*BL*A1B2C3D4E5*EM*A1B2C3D4E5*EM*A1B2C3D4E5*EM*A1B2C3D4E5~
PER*IC**UR*A1B2C3D4E5~
N1*PE*XYZ COMPANY*FI*A1B2C3D4E5~
N3*1 OPEN AVENUE*1 OPEN AVENUE~
N4*PARIS*CA*91506*IDI~
REF*0B*A1B2C3D4E5~
RDM*BM*A1B2C3D4E5*A1B2C3D4E5~
LX*123456~
TS3*A1B2C3D4E5*A1*01010101*1234567.12*1234567.12********1234567.12**1234567.12**1234567.12*1234567.12**1234567.12*1234567.12*1234567.12*1234567.12*1234567.12~
TS2*1234567.12*1234567.12*1234567.12*1234567.12*1234567.12*1234567.12*1234567.12*1234567.12*1234567.12*1234567.12*1234567.12*1234567.12*1234567.12*1234567.12*1234567.12*1234567.12*1234567.12*1234567.12*1234567.12~
CLP*A1B2C3D4E5*1*1234567.12*1234567.12*1234567.12*12*A1B2C3D4E5*A1****1234567.12*1234567.12~
CAS*CO*IDIDI*1234567.12*1234567.12*IDIDI*1234567.12*1234567.12*IDIDI*1234567.12*1234567.12*IDIDI*1234567.12*1234567.12*IDIDI*1234567.12*1234567.12*IDIDI*1234567.12*1234567.12~
NM1*QC*1*A1B2C3D4E5*A1B2C3D4E5*A1B2C3D4E5**A1B2C3D4E5*34*A1B2C3D4E5~
NM1*IL*1*A1B2C3D4E5*A1B2C3D4E5*A1B2C3D4E5**A1B2C3D4E5*FI*A1B2C3D4E5~
NM1*74*1*A1B2C3D4E5*A1B2C3D4E5*A1B2C3D4E5**A1B2C3D4E5*C*A1B2C3D4E5~
NM1*82*1*A1B2C3D4E5*A1B2C3D4E5*A1B2C3D4E5**A1B2C3D4E5*BD*A1B2C3D4E5~
NM1*TT*2*A1B2C3D4E5*****AD*A1B2C3D4E5~
NM1*PR*2*A1B2C3D4E5*****AD*A1B2C3D4E5~
NM1*GB*1*A1B2C3D4E5*A1B2C3D4E5*A1B2C3D4E5**A1B2C3D4E5*FI*A1B2C3D4E5~
MIA*1234567.12*1234567.12*1234567.12*1234567.12*A1B2C3D4E5*1234567.12*1234567.12*1234567.12*1234567.12*1234567.12*1234567.12*1234567.12*1234567.12*1234567.12*1234567.12*1234567.12*1234567.12*1234567.12*1234567.12*A1B2C3D4E5*A1B2C3D4E5*A1B2C3D4E5*A1B2C3D4E5*1234567.12~
REF*1L*A1B2C3D4E5~
REF*0B*A1B2C3D4E5~
DTM*232*01010101~
DTM*036*01010101~
DTM*050*01010101~
PER*CX*A1B2C3D4E5*EM*A1B2C3D4E5*EM*A1B2C3D4E5*EX*A1B2C3D4E5~
AMT*AU*1234567.12~
QTY*CA*1234567.12~
SVC*AD!A1B2C3D4E5!A1!A1!A1!A1*1234567.12*1234567.12*A1B2C3D4E5*1234567.12*AD!A1B2C3D4E5!A1!A1!A1!A1!A1B2C3D4E5*1234567.12~
DTM*150*01010101~
CAS*CO*IDIDI*1234567.12*1234567.12*IDIDI*1234567.12*1234567.12*IDIDI*1234567.12*1234567.12*IDIDI*1234567.12*1234567.12*IDIDI*1234567.12*1234567.12*IDIDI*1234567.12*1234567.12~
REF*1S*A1B2C3D4E5~
REF*6R*A1B2C3D4E5~
REF*0B*A1B2C3D4E5~
REF*0K*A1B2C3D4E5~
AMT*B6*1234567.12~
QTY*ZK*1234567.12~
LQ*HE*A1B2C3D4E5~
SVC*AD!A1B2C3D4E5!A1!A1!A1!A1*1234567.12*1234567.12*A1B2C3D4E5*1234567.12*AD!A1B2C3D4E5!A1!A1!A1!A1!A1B2C3D4E5*1234567.12~
DTM*150*01010101~
CAS*CO*IDIDI*1234567.12*1234567.12*IDIDI*1234567.12*1234567.12*IDIDI*1234567.12*1234567.12*IDIDI*1234567.12*1234567.12*IDIDI*1234567.12*1234567.12*IDIDI*1234567.12*1234567.12~
REF*1S*A1B2C3D4E5~
REF*6R*A1B2C3D4E5~
REF*0B*A1B2C3D4E5~
REF*0K*A1B2C3D4E5~
AMT*B6*1234567.12~
QTY*ZK*1234567.12~
LQ*HE*A1B2C3D4E5~
CLP*A1B2C3D4E5*1*1234567.12*1234567.12*1234567.12*12*A1B2C3D4E5*A1****1234567.12*1234567.12~
CAS*CO*IDIDI*1234567.12*1234567.12*IDIDI*1234567.12*1234567.12*IDIDI*1234567.12*1234567.12*IDIDI*1234567.12*1234567.12*IDIDI*1234567.12*1234567.12*IDIDI*1234567.12*1234567.12~
NM1*QC*1*A1B2C3D4E5*A1B2C3D4E5*A1B2C3D4E5**A1B2C3D4E5*34*A1B2C3D4E5~
NM1*IL*1*A1B2C3D4E5*A1B2C3D4E5*A1B2C3D4E5**A1B2C3D4E5*FI*A1B2C3D4E5~
NM1*74*1*A1B2C3D4E5*A1B2C3D4E5*A1B2C3D4E5**A1B2C3D4E5*C*A1B2C3D4E5~
NM1*82*1*A1B2C3D4E5*A1B2C3D4E5*A1B2C3D4E5**A1B2C3D4E5*BD*A1B2C3D4E5~
NM1*TT*2*A1B2C3D4E5*****AD*A1B2C3D4E5~
NM1*PR*2*A1B2C3D4E5*****AD*A1B2C3D4E5~
NM1*GB*1*A1B2C3D4E5*A1B2C3D4E5*A1B2C3D4E5**A1B2C3D4E5*FI*A1B2C3D4E5~
MOA*1234567.12*1234567.12*A1B2C3D4E5*A1B2C3D4E5*A1B2C3D4E5*A1B2C3D4E5*A1B2C3D4E5*1234567.12*1234567.12~
REF*1L*A1B2C3D4E5~
REF*0B*A1B2C3D4E5~
DTM*232*01010101~
DTM*036*01010101~
DTM*050*01010101~
PER*CX*A1B2C3D4E5*EM*A1B2C3D4E5*EM*A1B2C3D4E5*EX*A1B2C3D4E5~
AMT*AU*1234567.12~
QTY*CA*1234567.12~
SVC*AD!A1B2C3D4E5!A1!A1!A1!A1*1234567.12*1234567.12*A1B2C3D4E5*1234567.12*AD!A1B2C3D4E5!A1!A1!A1!A1!A1B2C3D4E5*1234567.12~
DTM*150*01010101~
CAS*CO*IDIDI*1234567.12*1234567.12*IDIDI*1234567.12*1234567.12*IDIDI*1234567.12*1234567.12*IDIDI*1234567.12*1234567.12*IDIDI*1234567.12*1234567.12*IDIDI*1234567.12*1234567.12~
REF*1S*A1B2C3D4E5~
REF*6R*A1B2C3D4E5~
REF*0B*A1B2C3D4E5~
REF*0K*A1B2C3D4E5~
AMT*B6*1234567.12~
QTY*ZK*1234567.12~
LQ*HE*A1B2C3D4E5~
SVC*AD!A1B2C3D4E5!A1!A1!A1!A1*1234567.12*1234567.12*A1B2C3D4E5*1234567.12*AD!A1B2C3D4E5!A1!A1!A1!A1!A1B2C3D4E5*1234567.12~
DTM*150*01010101~
CAS*CO*IDIDI*1234567.12*1234567.12*IDIDI*1234567.12*1234567.12*IDIDI*1234567.12*1234567.12*IDIDI*1234567.12*1234567.12*IDIDI*1234567.12*1234567.12*IDIDI*1234567.12*1234567.12~
REF*1S*A1B2C3D4E5~
REF*6R*A1B2C3D4E5~
REF*0B*A1B2C3D4E5~
REF*0K*A1B2C3D4E5~
AMT*B6*1234567.12~
QTY*ZK*1234567.12~
LQ*HE*A1B2C3D4E5~
LX*123456~
TS3*A1B2C3D4E5*A1*01010101*1234567.12*1234567.12********1234567.12**1234567.12**1234567.12*1234567.12**1234567.12*1234567.12*1234567.12*1234567.12*1234567.12~
TS2*1234567.12*1234567.12*1234567.12*1234567.12*1234567.12*1234567.12*1234567.12*1234567.12*1234567.12*1234567.12*1234567.12*1234567.12*1234567.12*1234567.12*1234567.12*1234567.12*1234567.12*1234567.12*1234567.12~
CLP*A1B2C3D4E5*1*1234567.12*1234567.12*1234567.12*12*A1B2C3D4E5*A1****1234567.12*1234567.12~
CAS*CO*IDIDI*1234567.12*1234567.12*IDIDI*1234567.12*1234567.12*IDIDI*1234567.12*1234567.12*IDIDI*1234567.12*1234567.12*IDIDI*1234567.12*1234567.12*IDIDI*1234567.12*1234567.12~
NM1*QC*1*A1B2C3D4E5*A1B2C3D4E5*A1B2C3D4E5**A1B2C3D4E5*34*A1B2C3D4E5~
NM1*IL*1*A1B2C3D4E5*A1B2C3D4E5*A1B2C3D4E5**A1B2C3D4E5*FI*A1B2C3D4E5~
NM1*74*1*A1B2C3D4E5*A1B2C3D4E5*A1B2C3D4E5**A1B2C3D4E5*C*A1B2C3D4E5~
NM1*82*1*A1B2C3D4E5*A1B2C3D4E5*A1B2C3D4E5**A1B2C3D4E5*BD*A1B2C3D4E5~
NM1*TT*2*A1B2C3D4E5*****AD*A1B2C3D4E5~
NM1*PR*2*A1B2C3D4E5*****AD*A1B2C3D4E5~
NM1*GB*1*A1B2C3D4E5*A1B2C3D4E5*A1B2C3D4E5**A1B2C3D4E5*FI*A1B2C3D4E5~
MIA*1234567.12*1234567.12*1234567.12*1234567.12*A1B2C3D4E5*1234567.12*1234567.12*1234567.12*1234567.12*1234567.12*1234567.12*1234567.12*1234567.12*1234567.12*1234567.12*1234567.12*1234567.12*1234567.12*1234567.12*A1B2C3D4E5*A1B2C3D4E5*A1B2C3D4E5*A1B2C3D4E5*1234567.12~
REF*1L*A1B2C3D4E5~
REF*0B*A1B2C3D4E5~
DTM*232*01010101~
DTM*036*01010101~
DTM*050*01010101~
PER*CX*A1B2C3D4E5*EM*A1B2C3D4E5*EM*A1B2C3D4E5*EX*A1B2C3D4E5~
AMT*AU*1234567.12~
QTY*CA*1234567.12~
SVC*AD!A1B2C3D4E5!A1!A1!A1!A1*1234567.12*1234567.12*A1B2C3D4E5*1234567.12*AD!A1B2C3D4E5!A1!A1!A1!A1!A1B2C3D4E5*1234567.12~
DTM*150*01010101~
CAS*CO*IDIDI*1234567.12*1234567.12*IDIDI*1234567.12*1234567.12*IDIDI*1234567.12*1234567.12*IDIDI*1234567.12*1234567.12*IDIDI*1234567.12*1234567.12*IDIDI*1234567.12*1234567.12~
REF*1S*A1B2C3D4E5~
REF*6R*A1B2C3D4E5~
REF*0B*A1B2C3D4E5~
REF*0K*A1B2C3D4E5~
AMT*B6*1234567.12~
QTY*ZK*1234567.12~
LQ*HE*A1B2C3D4E5~
SVC*AD!A1B2C3D4E5!A1!A1!A1!A1*1234567.12*1234567.12*A1B2C3D4E5*1234567.12*AD!A1B2C3D4E5!A1!A1!A1!A1!A1B2C3D4E5*1234567.12~
DTM*150*01010101~
CAS*CO*IDIDI*1234567.12*1234567.12*IDIDI*1234567.12*1234567.12*IDIDI*1234567.12*1234567.12*IDIDI*1234567.12*1234567.12*IDIDI*1234567.12*1234567.12*IDIDI*1234567.12*1234567.12~
REF*1S*A1B2C3D4E5~
REF*6R*A1B2C3D4E5~
REF*0B*A1B2C3D4E5~
REF*0K*A1B2C3D4E5~
AMT*B6*1234567.12~
QTY*ZK*1234567.12~
LQ*HE*A1B2C3D4E5~
CLP*A1B2C3D4E5*1*1234567.12*1234567.12*1234567.12*12*A1B2C3D4E5*A1****1234567.12*1234567.12~
CAS*CO*IDIDI*1234567.12*1234567.12*IDIDI*1234567.12*1234567.12*IDIDI*1234567.12*1234567.12*IDIDI*1234567.12*1234567.12*IDIDI*1234567.12*1234567.12*IDIDI*1234567.12*1234567.12~
NM1*QC*1*A1B2C3D4E5*A1B2C3D4E5*A1B2C3D4E5**A1B2C3D4E5*34*A1B2C3D4E5~
NM1*IL*1*A1B2C3D4E5*A1B2C3D4E5*A1B2C3D4E5**A1B2C3D4E5*FI*A1B2C3D4E5~
NM1*74*1*A1B2C3D4E5*A1B2C3D4E5*A1B2C3D4E5**A1B2C3D4E5*C*A1B2C3D4E5~
NM1*82*1*A1B2C3D4E5*A1B2C3D4E5*A1B2C3D4E5**A1B2C3D4E5*BD*A1B2C3D4E5~
NM1*TT*2*A1B2C3D4E5*****AD*A1B2C3D4E5~
NM1*PR*2*A1B2C3D4E5*****AD*A1B2C3D4E5~
NM1*GB*1*A1B2C3D4E5*A1B2C3D4E5*A1B2C3D4E5**A1B2C3D4E5*FI*A1B2C3D4E5~
MOA*1234567.12*1234567.12*A1B2C3D4E5*A1B2C3D4E5*A1B2C3D4E5*A1B2C3D4E5*A1B2C3D4E5*1234567.12*1234567.12~
REF*1L*A1B2C3D4E5~
REF*0B*A1B2C3D4E5~
DTM*232*01010101~
DTM*036*01010101~
DTM*050*01010101~
PER*CX*A1B2C3D4E5*EM*A1B2C3D4E5*EM*A1B2C3D4E5*EX*A1B2C3D4E5~
AMT*AU*1234567.12~
QTY*CA*1234567.12~
SVC*AD!A1B2C3D4E5!A1!A1!A1!A1*1234567.12*1234567.12*A1B2C3D4E5*1234567.12*AD!A1B2C3D4E5!A1!A1!A1!A1!A1B2C3D4E5*1234567.12~
DTM*150*01010101~
CAS*CO*IDIDI*1234567.12*1234567.12*IDIDI*1234567.12*1234567.12*IDIDI*1234567.12*1234567.12*IDIDI*1234567.12*1234567.12*IDIDI*1234567.12*1234567.12*IDIDI*1234567.12*1234567.12~
REF*1S*A1B2C3D4E5~
REF*6R*A1B2C3D4E5~
REF*0B*A1B2C3D4E5~
REF*0K*A1B2C3D4E5~
AMT*B6*1234567.12~
QTY*ZK*1234567.12~
LQ*HE*A1B2C3D4E5~
SVC*AD!A1B2C3D4E5!A1!A1!A1!A1*1234567.12*1234567.12*A1B2C3D4E5*1234567.12*AD!A1B2C3D4E5!A1!A1!A1!A1!A1B2C3D4E5*1234567.12~
DTM*150*01010101~
CAS*CO*IDIDI*1234567.12*1234567.12*IDIDI*1234567.12*1234567.12*IDIDI*1234567.12*1234567.12*IDIDI*1234567.12*1234567.12*IDIDI*1234567.12*1234567.12*IDIDI*1234567.12*1234567.12~
REF*1S*A1B2C3D4E5~
REF*6R*A1B2C3D4E5~
REF*0B*A1B2C3D4E5~
REF*0K*A1B2C3D4E5~
AMT*B6*1234567.12~
QTY*ZK*1234567.12~
LQ*HE*A1B2C3D4E5~
PLB*A1B2C3D4E5*01010101*50!A1B2C3D4E5*1234567.12*50!A1B2C3D4E5*1234567.12*50!A1B2C3D4E5*1234567.12*50!A1B2C3D4E5*1234567.12*50!A1B2C3D4E5*1234567.12*50!A1B2C3D4E5*1234567.12~
SE*179*0001~
GE*1*1~
IEA*1*000000001~
